@article{coup√©,
	author = {Coup{\'e}, Christophe and Oh, Yoon Mi and Dediu, Dan and Pellegrino, Fran{\c c}ois},
	title = {Different languages, similar encoding efficiency: Comparable information rates across the human communicative niche},
	volume = {5},
	number = {9},
	elocation-id = {eaaw2594},
	year = {2019},
	doi = {10.1126/sciadv.aaw2594},
	publisher = {American Association for the Advancement of Science},
	URL = {https://advances.sciencemag.org/content/5/9/eaaw2594},
	eprint = {https://advances.sciencemag.org/content/5/9/eaaw2594.full.pdf},
	journal = {Science Advances}
}

@phdthesis{oh,
	author = {Oh, Yoon Mi},
	title = {Linguistic Complexity and Information: Quantitative Approaches},
	school = {University of Lyon},
	year = {2015},
	month = {10},
	URL = {http://www.ddl.cnrs.fr/fulltext/Yoonmi/Oh_2015_1.pdf}
}

@book{allen,
	place={Cambridge},
	edition={2},
	title={Vox Latina: A Guide to the Pronunciation of Classical Latin},
	DOI={10.1017/CBO9780511620348}, publisher={Cambridge University Press},
	author={Allen, W. Sidney},
	year={1978}
}

@thesis{winge,
	author = {Winge, Johan},
	title = {Automatic annotation of Latin vowel length},
	school = {Uppsala University},
	year = {2015},
	month = {6},
	URL = {https://cl.lingfil.uu.se/exarb/arch/winge2015.pdf}
}

@Misc{cltk,
	author = {Johnson, Kyle P. and Patrick Burns and John Stewart and Todd Cook},
	title = {CLTK: The Classical Language Toolkit},
	url = {https://github.com/cltk/cltk},
	year = {2014--2020}
}
