@article{coupé,
	author = {Coup{\'e}, Christophe and Oh, Yoon Mi and Dediu, Dan and Pellegrino, Fran{\c c}ois},
	title = {Different languages, similar encoding efficiency: Comparable information rates across the human communicative niche},
	volume = {5},
	number = {9},
	elocation-id = {eaaw2594},
	year = {2019},
	doi = {10.1126/sciadv.aaw2594},
	publisher = {American Association for the Advancement of Science},
	url = {https://advances.sciencemag.org/content/5/9/eaaw2594},
	eprint = {https://advances.sciencemag.org/content/5/9/eaaw2594.full.pdf},
	journal = {Science Advances},
	keywords = {primary}
}

@phdthesis{oh,
	author = {Oh, Yoon Mi},
	title = {Linguistic Complexity and Information: Quantitative Approaches},
	school = {University of Lyon},
	year = {2015},
	month = {10},
	url = {http://www.ddl.cnrs.fr/fulltext/Yoonmi/Oh_2015_1.pdf},
	keywords = {primary}
}

@thesis{winge,
	author = {Winge, Johan},
	title = {Automatic annotation of {L}atin vowel length},
	school = {Uppsala University},
	year = {2015},
	month = {6},
	url = {https://cl.lingfil.uu.se/exarb/arch/winge2015.pdf},
	keywords = {primary}
}

@book{allen,
	place = {Cambridge},
	edition = {2},
	title = {Vox {L}atina: A Guide to the Pronunciation of Classical {L}atin},
	doi = {10.1017/CBO9780511620348}, publisher={Cambridge University Press},
	author = {Allen, W. Sidney},
	year = {1978},
	keywords = {secondary}
}

@misc{cltk,
	author = {Johnson, Kyle P. and Patrick Burns and John Stewart and Todd Cook},
	title = {{CLTK}: The Classical Language Toolkit},
	url = {https://github.com/cltk/cltk},
	year = {2014--2021},
	keywords = {secondary}
}

@misc{phi,
	author = "{Packard Humanities Institute}",
	title = {{PHI} {L}atin Texts},
	url = {https://latin.packhum.org/},
	year = {1991},
	keywords = {secondary}
}

@book{alkire,
	author = {Alkire, Ti and Carol Rosen},
	title = {Romance Languages: A Historical Introduction},
	place = {Cambridge},
	publisher = {Cambridge University Press},
	year = {2010},
	keywords = {secondary}
}

@article{pellegrino,
	ISSN = {00978507, 15350665},
	URL = {http://www.jstor.org/stable/23011654},
	author = {Pellegrino, Fran{\c c}ois and Coupé, Christophe and Marsico, Egidio},
	journal = {Language},
	number = {3},
	pages = {539--558},
	publisher = {Linguistic Society of America},
	title = {A Cross-Language Perspective on Speech Information Rate},
	volume = {87},
	year = {2011},
	keywords = {tertiary},
}

@article{shosted,
	title = "Correlating complexity: A typological approach",
	author = "Shosted, {Ryan K.}",
	year = "2006",
	month = jul,
	doi = "10.1515/LINGTY.2006.001",
	language = "English (US)",
	volume = "10",
	pages = "1--40",
	journal = "Linguistic Typology",
	issn = "1430-0532",
	publisher = "Walter de Gruyter GmbH",
	number = "1",
	keywords = {tertiary},
}

@book{ogrady,
	title = "Contemporary Linguistics: An Introduction",
	author = "William {O'Grady} and John Archibald and Mark Aronoff and Janie {Rees-Miller}",
	edition = "6",
	year = "2010",
	publisher = "Bedford/St. Martin's",
	keywords = {tertiary},
}

@book{akmajian,
	title = "Linguistics: An Introduction to Language and Communication",
	author = "Adrian Akmajian and Richard A. Demers and Ann K. Farmer and Robert M. Harnish",
	edition = "5",
	year = "2001",
	publisher = "MIT Press",
	keywords = {tertiary},
}

@article{karlgren,
	journal = "Proceedings of the Fourth International Congress of Phonetic Sciences",
	title = "Speech Rate and Information Theory",
	year = 1962,
	author = "Hans Karlgren",
	keywords = {tertiary},
}

@article{maddieson,
	title = "Correlating Phonological Complexity: Data and Validation",
	year = 2005,
	author = "Ian Maddieson",
	doi = "10.5070/P795m171v6",
	url = "https://escholarship.org/uc/item/95m171v6",
	keywords = {tertiary},
}

@book{shannon,
	title={The Mathematical Theory of Communication},
	author={Claude E. Shannon and Warren Weaver},
	isbn={9780252725487},
	lccn={98230924},
	series={Illini books},
	year={1949},
	publisher={University of Illinois Press},
	keywords = {tertiary},
}

@article{joseph,
	author = "Joseph, John E. and Newmeyer, Frederick J.",
	title = "‘All Languages Are Equally Complex’: The rise and fall of a consensus", 
	journal= "Historiographia Linguistica",
	year = "2012",
	volume = "39",
	number = "2-3",
	pages = "341-368",
	doi = "https://doi.org/10.1075/hl.39.2-3.08jos",
	url = "https://www.jbe-platform.com/content/journals/10.1075/hl.39.2-3.08jos",
	publisher = "John Benjamins",
	issn = "0302-5160",
	type = "Journal Article",
	keywords = {tertiary},
}

@article{rémusat,
	author = "Jean Pierre Abel Rémusat",
	year = "1824",
	title = "Review of Humboldt (1825, 1823-1824)",
	journal = "Journal Asiatique",
	issue = "5",
	pages = "51-61",
	keywords = {quaternary},
}

@inreference{trager,
	title={Language},
	year={1955},
	volume={XIII},
	booktitle={Encyclopædia Britannica},
	author={Trager, George L.},
	pages={695–702},
	keywords = {quaternary},
}

@book{passy,
	author = "Paul Passy",
	year = "1890",
	title = "Étude sur les changements phonétiques et leurs caractères généraux",
	publisher = "Firmin-Didot",
	address = "Paris",
	keywords = {quaternary},
}

@book{chomsky,
	author = "Noam Chomsky",
	year = "2004",
	title = "The Generative Enterprise Revisited: Discussions with Riny Huybregts, Henk van Riemsdijk, Naoki Fukui and Mihoko Zushi",
	publisher = "Mouton de Gruyter",
	address = "Berlin",
	keywords = {quaternary},
}

@article{crane,
	author = {Crane, Gregory},
	title = "{Generating and Parsing Classical Greek}",
	journal = {Literary and Linguistic Computing},
	volume = {6},
	number = {4},
	pages = {243-245},
	year = {1991},
	month = {01},
	issn = {0268-1145},
	doi = {10.1093/llc/6.4.243},
	url = {https://doi.org/10.1093/llc/6.4.243},
	eprint = {https://academic.oup.com/dsh/article-pdf/6/4/243/10889452/243.pdf},
	keywords = {secondary},
}

@book{longus,
	author = {Velius Longus},
	title = {De Orthographia},
	year = {c. 150},
	pagination = {none},
	shorthand = {De Orth.},
	url = {https://latin.packhum.org/loc/1374/1/0},
	keywords = {secondary},
}

@book{quintilian,
	author = {Marcus Fabius Quintilianus},
	title = {Institutio Oratoria},
	year = {c. 95},
	pagination = {none},
	shorthand = {Inst. Or.},
	url = {https://latin.packhum.org/loc/1002/1/0},
	keywords = {secondary},
}

@misc{wiki,
	author = "{Wikimedia Foundation}",
	title = "Wikipedia: Size of Wikipedia",
	year = "2021",
	url = {https://en.wikipedia.org/wiki/Wikipedia:Size_of_Wikipedia},
	keywords = {quaternary},
}

@article{davis,
	author = {Victor Davis},
	doi = {doi:10.1515/glot-2018-0014},
	url = {https://doi.org/10.1515/glot-2018-0014},
	title = {Types, Tokens, and Hapaxes: A New Heap’s Law},
	journal = {Glottotheory},
	number = {2},
	volume = {9},
	year = {2018},
	pages = {113--129},
	eprint = {https://arxiv.org/abs/1901.00521},
	keywords = {secondary},
}

@book{harrison,
	title={A Companion to Latin Literature},
	author={Harrison, S.},
	isbn={9781405137379},
	series={Blackwell Companions to the Ancient World},
	year={2008},
	publisher={Wiley},
	keywords = {quaternary},
}

@book{albrecht,
	author = "M. von Albrecht",
	title = "Cicero's Style: A Synopsis. Followed by Selected Analytic Studies",
	year = "2017",
	publisher = "Brill",
	address = "Leiden, The Netherlands",
	isbn = "978-90-47-40197-1",
	doi = "https://doi.org/10.1163/9789047401971",
	url = "https://brill.com/view/title/8198",
	keywords = {tertiary},
}

@incollection{wals,
	address   = {Leipzig},
	author    = {Ian Maddieson},
	booktitle = {The World Atlas of Language Structures Online},
	editor    = {Matthew S. Dryer and Martin Haspelmath},
	publisher = {Max Planck Institute for Evolutionary Anthropology},
	title     = {Syllable Structure},
	url       = {https://wals.info/chapter/12},
	year      = {2013},
	keywords  = {tertiary},
}

@article{lapsyd,
	author = {Ian Maddieson and S. Flavier and E. Marsico and C. Coupé and F. Pellegrino},
	title = {{LAPSyD}: {Lyon-Albuquerque Phonological Systems Database}},
	date = {2013},
	journal = {Proceedings of Interspeech 2013},
	pages = {3022-3026},
	keywords = {tertiary},
}

@article{hall,
	ISSN = {00213020},
	URL = {http://www.jstor.org/stable/475860},
	author = {Robert A. Hall},
	journal = {Italica},
	number = {2},
	pages = {72--82},
	publisher = {American Association of Teachers of Italian},
	title = {Italian Phonemes and Orthography},
	volume = {21},
	year = {1944},
	keywords = {quaternary},
}

@book{pope,
	title={From Latin to Modern French with Especial Consideration of Anglo-Norman: Phonology and Morphology},
	author={Pope, Mildred Katharine},
	isbn={9780719001765},
	lccn={34040687},
	series={French series no.6},
	url={https://books.google.com/books?id=K9JRAQAAIAAJ},
	year={1934},
	publisher={Manchester University Press},
	keywords = {tertiary},
}

@book{efron,
	title = "The Jackknife, the Bootstrap and Other Resampling Plans",
	author = "Bradley Efron",
	year = "1892",
	doi = {https://doi.org/10.1137/1.9781611970319},
	URL = {https://epubs.siam.org/doi/book/10.1137/1.9781611970319},
	keywords = {quaternary},
}

@misc{robert,
	TITLE = {{The Wolof  Corpus and functional database on predication of the Cortypo project (Constitution de Corpus Oraux pour des recherches Typologiques / Designing spoken corpora for cross-linguistic research)}},
	AUTHOR = {Robert, St{\'e}phane},
	URL = {https://hal.archives-ouvertes.fr/hal-01678100},
	NOTE = {The CorTypo database contains complex information about the functions grammaticalized in twelve languages and the forms which code those functions, allowing cross-linguistic comparison of languages. },
	PAGES = {http://cortypo.huma-num.fr/index.html},
	YEAR = {2017},
	KEYWORDS = {annotated corpus ;  Wolof ;  predication ;  syntactic constructions ;  typological database},
	HAL_ID = {hal-01678100},
	HAL_VERSION = {v1},
}

@article{meyer,
	title = {How Many Stories Do Newspapers Publish Per Day?},
	subtitle = {A look at how {The New York Times}, {The Wall Street Journal}, the {Washington Post}, and {BuzzFeed} compare},
	author = {Meyer, Robinson},
	url = {https://www.theatlantic.com/technology/archive/2016/05/how-many-stories-do-newspapers-publish-per-day/483845/},
	journal = {The Atlantic},
	year = {2016},
	month = {05},
}

@article{menendez,
	author = {Menendez-Alarcon, Antonio},
	year = {2012},
	month = {01},
	pages = {67--74},
	title = {Newspapers Coverage of Spain and the United States: A Comparative Analysis},
	volume = {2},
	journal = {Sociology Mind},
	doi = {10.4236/sm.2012.21009},
	url = {https://www.researchgate.net/publication/228446950_Newspapers_Coverage_of_Spain_and_the_United_States_A_Comparative_Analysis},
}

@article{vandenhoek,
	ISSN = {00426032},
	URL = {http://www.jstor.org/stable/1584076},
	author = {Annewies Van Den Hoek},
	journal = {Vigiliae Christianae},
	number = {3},
	pages = {223--243},
	publisher = {Brill},
	title = {Techniques of Quotation in Clement of Alexandria},
	subtitle = {A View of Ancient Literary Working Methods},
	volume = {50},
	year = {1996}
}

@book{boyd,
	title={From {Latin} to {Romance} in Sound Charts},
	author={Boyd-Bowman, P.},
	isbn={9780878400775},
	lccn={80311645},
	url={https://books.google.com/books?id=z0RbXWRbLHIC},
	year={1980},
	publisher={Georgetown University Press}
}

@article{aylett,
	author = {Matthew Aylett and Alice Turk},
	title = {The Smooth Signal Redundancy Hypothesis},
	subtitle = {A Functional Explanation for Relationships between Redundancy, Prosodic Prominence, and Duration in Spontaneous Speech},
	journal = {Language and Speech},
	volume = {47},
	number = {1},
	pages = {31-56},
	year = {2004},
	doi = {10.1177/00238309040470010201},
	note ={PMID: 15298329},
	URL = {https://doi.org/10.1177/00238309040470010201},
}

@Article{jaeger,
	Author="Jaeger, T. F.",
	Title="Redundancy and reduction",
	Subtitle="Speakers manage syntactic information density",
	Journal="Cogn Psychol",
	Year="2010",
	Volume="61",
	Number="1",
	Pages="23--62",
	Month="Aug",
	doi = {10.1016/j.cogpsych.2010.02.002},
	url = {https://www.ncbi.nlm.nih.gov/pmc/articles/PMC2896231/},
}

@inproceedings{meister,
	title = "Revisiting the {U}niform {I}nformation {D}ensity Hypothesis",
	author = {Meister, Clara  and
	  Pimentel, Tiago  and
	  Haller, Patrick  and
	  J{\"a}ger, Lena  and
	  Cotterell, Ryan  and
	  Levy, Roger},
	booktitle = "Proceedings of the 2021 Conference on Empirical Methods in Natural Language Processing",
	month = nov,
	year = "2021",
	address = "Online and Punta Cana, Dominican Republic",
	publisher = "Association for Computational Linguistics",
	url = "https://aclanthology.org/2021.emnlp-main.74",
	doi = "10.18653/v1/2021.emnlp-main.74",
	pages = "963--980",
	eprint = {https://arxiv.org/abs/2109.1163}
}

@article{lieberman,
	author = {Philip Lieberman},
	title ={Some Effects of Semantic and Grammatical Context on the Production and Perception of Speech},
	journal = {Language and Speech},
	volume = {6},
	number = {3},
	pages = {172-187},
	year = {1963},
	doi = {10.1177/002383096300600306},
	URL = {https://doi.org/10.1177/002383096300600306},
}

@conference{ohbilingual,
	title = {Effect of Bilingualism on Speech Rate},
	subtitle = {The Case of {C}atalan and {B}asque Bilinguals in {S}pain},
	author = {Oh, Yoon Mi and Coupé, Christophe and Pellegrino, Fran{\c c}ois},
	year = 2013,
	journal = {2013 International Congress of Linguists (ICL)},
	url = {http://hdl.handle.net/10722/283450}
}
